<?xml version="1.0" encoding="UTF-8"?><collection xmlns="http://www.loc.gov/MARC21/slim"><record><leader>00381nam--2200133-i-4500</leader><controlfield tag="001">000040438</controlfield><controlfield tag="002">20161230</controlfield><controlfield tag="005">20161230201042</controlfield><controlfield tag="008">060222s1000------------r-----000-0-eng-d</controlfield><datafield ind1=" " ind2=" " tag="080"><subfield code="a">539.17</subfield></datafield><datafield ind1=" " ind2=" " tag="100"><subfield code="a">Rybicki, K</subfield></datafield><datafield ind1=" " ind2=" " tag="245"><subfield code="a">An attempt of determination of proton-nucleaon elastic cross section in tev region</subfield></datafield><datafield ind1=" " ind2=" " tag="260"><subfield code="a">Warszawa, Inst.Of Nuclear Research, 1967, 5p</subfield></datafield><datafield ind1=" " ind2=" " tag="852"><subfield code="a">13780</subfield></datafield></record></collection>